@ARTICLE{2021RNAAS...5...19R,
       author = {{Rodriguez}, Carl L. and {Kremer}, Kyle and {Chatterjee}, Sourav and {Fragione}, Giacomo and {Loeb}, Abraham and {Rasio}, Frederic A. and {Weatherford}, Newlin C. and {Ye}, Claire S.},
        title = "{The Observed Rate of Binary Black Hole Mergers can be Entirely Explained by Globular Clusters}",
      journal = {Research Notes of the American Astronomical Society},
     keywords = {Astrophysical black holes, Gravitational wave sources, 98, 677, Astrophysics - High Energy Astrophysical Phenomena, General Relativity and Quantum Cosmology},
         year = 2021,
        month = jan,
       volume = {5},
       number = {1},
          eid = {19},
        pages = {19},
          doi = {10.3847/2515-5172/abdf54},
archivePrefix = {arXiv},
       eprint = {2101.07793},
 primaryClass = {astro-ph.HE},
       adsurl = {https://ui.adsabs.harvard.edu/abs/2021RNAAS...5...19R},
      adsnote = {Provided by the SAO/NASA Astrophysics Data System}
}